<?xml version="1.0" encoding="UTF-8"?><collection xmlns="http://www.loc.gov/MARC21/slim"><record><leader>00477nam--2200181-i-4500</leader><controlfield tag="001">000004207</controlfield><controlfield tag="002">20161230</controlfield><controlfield tag="005">20161230201025</controlfield><controlfield tag="008">060222s1000------------r-----000-0-eng-d</controlfield><datafield ind1=" " ind2=" " tag="040"><subfield code="a">IFIN-HH</subfield></datafield><datafield ind1=" " ind2=" " tag="080"><subfield code="a">539.17</subfield></datafield><datafield ind1="1" ind2=" " tag="100"><subfield code="a">Butler, S.T</subfield></datafield><datafield ind1="1" ind2="0" tag="245"><subfield code="a">Nuclear stripping reactions</subfield><subfield code="c">S.t. butler, o.h. hittmair</subfield></datafield><datafield ind1=" " ind2=" " tag="260"><subfield code="a">Sydney</subfield><subfield code="b">Horwitz Publications, Inc</subfield><subfield code="c">1957</subfield></datafield><datafield ind1=" " ind2=" " tag="300"><subfield code="a">IX + 130 P</subfield></datafield><datafield ind1="1" ind2=" " tag="700"><subfield code="a">Hittmair, O.H</subfield></datafield><datafield ind1=" " ind2=" " tag="852"><subfield code="a">12415</subfield><subfield code="c">539.17</subfield></datafield><datafield ind1=" " ind2=" " tag="CAT"><subfield code="a">Sys</subfield><subfield code="c">20120528</subfield><subfield code="h">171533</subfield></datafield></record></collection>